<?xml version="1.0" encoding="UTF-8"?><collection xmlns="http://www.loc.gov/MARC21/slim"><record><leader>00362nam--2200121-i-4500</leader><controlfield tag="001">000018647</controlfield><controlfield tag="002">20161230</controlfield><controlfield tag="005">20161230201032</controlfield><controlfield tag="008">060222s1000------------r-----000-0-eng-d</controlfield><datafield ind1=" " ind2=" " tag="100"><subfield code="a">Edelen, G.B</subfield></datafield><datafield ind1=" " ind2=" " tag="245"><subfield code="a">The structure of field space.an axiomatic formulation of field physics</subfield></datafield><datafield ind1=" " ind2=" " tag="260"><subfield code="a">Berkley, University Of California Press, 1962. Xiii + 239 P</subfield></datafield><datafield ind1=" " ind2=" " tag="852"><subfield code="a">18724</subfield></datafield></record></collection>